%YAML 1.1
%TAG !u! tag:unity3d.com,2011:
--- !u!1 &8032030523222931599
GameObject:
  m_ObjectHideFlags: 0
  m_CorrespondingSourceObject: {fileID: 0}
  m_PrefabInstance: {fileID: 0}
  m_PrefabAsset: {fileID: 0}
  serializedVersion: 6
  m_Component:
  - component: {fileID: 8032030523222931596}
  - component: {fileID: 8032030523222931595}
  - component: {fileID: 8032030523222931594}
  - component: {fileID: 8032030523222931597}
  - component: {fileID: 8032030523222931592}
  m_Layer: 0
  m_Name: cm
  m_TagString: Untagged
  m_Icon: {fileID: 0}
  m_NavMeshLayer: 0
  m_StaticEditorFlags: 0
  m_IsActive: 1
--- !u!4 &8032030523222931596
Transform:
  m_ObjectHideFlags: 0
  m_CorrespondingSourceObject: {fileID: 0}
  m_PrefabInstance: {fileID: 0}
  m_PrefabAsset: {fileID: 0}
  m_GameObject: {fileID: 8032030523222931599}
  m_LocalRotation: {x: 0.054259036, y: 0.000000034919022, z: 0.0000000018974673, w: 0.99852693}
  m_LocalPosition: {x: -0.0000085532465, y: -3.1405573, z: 75.2321}
  m_LocalScale: {x: 1, y: 1, z: 1}
  m_Children: []
  m_Father: {fileID: 8032030523986378069}
  m_RootOrder: 0
  m_LocalEulerAnglesHint: {x: 0, y: 0, z: 0}
--- !u!114 &8032030523222931595
MonoBehaviour:
  m_ObjectHideFlags: 0
  m_CorrespondingSourceObject: {fileID: 0}
  m_PrefabInstance: {fileID: 0}
  m_PrefabAsset: {fileID: 0}
  m_GameObject: {fileID: 8032030523222931599}
  m_Enabled: 1
  m_EditorHideFlags: 0
  m_Script: {fileID: 11500000, guid: ac0b09e7857660247b1477e93731de29, type: 3}
  m_Name: 
  m_EditorClassIdentifier: 
--- !u!114 &8032030523222931594
MonoBehaviour:
  m_ObjectHideFlags: 0
  m_CorrespondingSourceObject: {fileID: 0}
  m_PrefabInstance: {fileID: 0}
  m_PrefabAsset: {fileID: 0}
  m_GameObject: {fileID: 8032030523222931599}
  m_Enabled: 1
  m_EditorHideFlags: 0
  m_Script: {fileID: 11500000, guid: 68bb026fafb42b14791938953eaace77, type: 3}
  m_Name: 
  m_EditorClassIdentifier: 
  m_NoiseProfile: {fileID: 11400000, guid: 46965f9cbaf525742a6da4c2172a99cd, type: 2}
  m_AmplitudeGain: 1
  m_FrequencyGain: 1
  mNoiseOffsets: {x: 356.12817, y: 523.5059, z: -895.38696}
--- !u!114 &8032030523222931597
MonoBehaviour:
  m_ObjectHideFlags: 0
  m_CorrespondingSourceObject: {fileID: 0}
  m_PrefabInstance: {fileID: 0}
  m_PrefabAsset: {fileID: 0}
  m_GameObject: {fileID: 8032030523222931599}
  m_Enabled: 1
  m_EditorHideFlags: 0
  m_Script: {fileID: 11500000, guid: fa7155796051b734daa718462081dc5f, type: 3}
  m_Name: 
  m_EditorClassIdentifier: 
  m_BindingMode: 2
  m_FollowOffset: {x: 0, y: 4.2, z: -5.56}
  m_XDamping: 5.04
  m_YDamping: 0
  m_ZDamping: 0
  m_AngularDampingMode: 0
  m_PitchDamping: 2.7
  m_YawDamping: 20
  m_RollDamping: 0
  m_AngularDamping: 2.37
--- !u!114 &8032030523222931592
MonoBehaviour:
  m_ObjectHideFlags: 0
  m_CorrespondingSourceObject: {fileID: 0}
  m_PrefabInstance: {fileID: 0}
  m_PrefabAsset: {fileID: 0}
  m_GameObject: {fileID: 8032030523222931599}
  m_Enabled: 1
  m_EditorHideFlags: 0
  m_Script: {fileID: 11500000, guid: 1e8b78ac948f05a46a6d8339a503172b, type: 3}
  m_Name: 
  m_EditorClassIdentifier: 
--- !u!1 &8032030523986378068
GameObject:
  m_ObjectHideFlags: 0
  m_CorrespondingSourceObject: {fileID: 0}
  m_PrefabInstance: {fileID: 0}
  m_PrefabAsset: {fileID: 0}
  serializedVersion: 6
  m_Component:
  - component: {fileID: 8032030523986378069}
  - component: {fileID: 8032030523986378064}
  - component: {fileID: 8032030523986378067}
  - component: {fileID: 8032030523986378066}
  m_Layer: 15
  m_Name: LittleMoveHardAim
  m_TagString: Untagged
  m_Icon: {fileID: 0}
  m_NavMeshLayer: 0
  m_StaticEditorFlags: 0
  m_IsActive: 1
--- !u!4 &8032030523986378069
Transform:
  m_ObjectHideFlags: 0
  m_CorrespondingSourceObject: {fileID: 0}
  m_PrefabInstance: {fileID: 0}
  m_PrefabAsset: {fileID: 0}
  m_GameObject: {fileID: 8032030523986378068}
  m_LocalRotation: {x: 0.13316467, y: -0, z: -0, w: 0.99109393}
  m_LocalPosition: {x: -43.5, y: 10.9, z: -39.83}
  m_LocalScale: {x: 1, y: 1, z: 1}
  m_Children:
  - {fileID: 8032030523222931596}
  m_Father: {fileID: 0}
  m_RootOrder: 0
  m_LocalEulerAnglesHint: {x: 0, y: 0, z: 0}
--- !u!114 &8032030523986378064
MonoBehaviour:
  m_ObjectHideFlags: 0
  m_CorrespondingSourceObject: {fileID: 0}
  m_PrefabInstance: {fileID: 0}
  m_PrefabAsset: {fileID: 0}
  m_GameObject: {fileID: 8032030523986378068}
  m_Enabled: 1
  m_EditorHideFlags: 0
  m_Script: {fileID: 11500000, guid: 45e653bab7fb20e499bda25e1b646fea, type: 3}
  m_Name: 
  m_EditorClassIdentifier: 
  m_ExcludedPropertiesInInspector:
  - m_Script
  m_LockStageInInspector: 
  m_StreamingVersion: 20170927
  m_Priority: 17
  m_StandbyUpdate: 2
  m_LookAt: {fileID: 0}
  m_Follow: {fileID: 0}
  m_Lens:
    FieldOfView: 90
    OrthographicSize: 10
    NearClipPlane: 5
    FarClipPlane: 191
    Dutch: 0
    LensShift: {x: 0, y: 0}
  m_Transitions:
    m_BlendHint: 3
    m_InheritPosition: 0
    m_OnCameraLive:
      m_PersistentCalls:
        m_Calls: []
      m_TypeName: Cinemachine.CinemachineBrain+VcamActivatedEvent, Cinemachine, Version=0.0.0.0,
        Culture=neutral, PublicKeyToken=null
  m_LegacyBlendHint: 0
  m_ComponentOwner: {fileID: 8032030523222931596}
--- !u!114 &8032030523986378067
MonoBehaviour:
  m_ObjectHideFlags: 0
  m_CorrespondingSourceObject: {fileID: 0}
  m_PrefabInstance: {fileID: 0}
  m_PrefabAsset: {fileID: 0}
  m_GameObject: {fileID: 8032030523986378068}
  m_Enabled: 1
  m_EditorHideFlags: 0
  m_Script: {fileID: 11500000, guid: e501d18bb52cf8c40b1853ca4904654f, type: 3}
  m_Name: 
  m_EditorClassIdentifier: 
  m_CollideAgainst:
    serializedVersion: 2
    m_Bits: 4608
  m_IgnoreTag: 
  m_TransparentLayers:
    serializedVersion: 2
    m_Bits: 0
  m_MinimumDistanceFromTarget: 0.01
  m_AvoidObstacles: 1
  m_DistanceLimit: 0
  m_MinimumOcclusionTime: 0.13
  m_CameraRadius: 2
  m_Strategy: 2
  m_MaximumEffort: 4
  m_SmoothingTime: 0.169
  m_Damping: 2.78
  m_DampingWhenOccluded: 0.6
  m_OptimalTargetDistance: 88.41
--- !u!114 &8032030523986378066
MonoBehaviour:
  m_ObjectHideFlags: 0
  m_CorrespondingSourceObject: {fileID: 0}
  m_PrefabInstance: {fileID: 0}
  m_PrefabAsset: {fileID: 0}
  m_GameObject: {fileID: 8032030523986378068}
  m_Enabled: 1
  m_EditorHideFlags: 0
  m_Script: {fileID: 11500000, guid: 5e93d2099456a7346bff8a1d00a6a403, type: 3}
  m_Name: 
  m_EditorClassIdentifier: 
  FistPerson: 0
